
@inproceedings{erfani2024spatiotemporal,
  title={Spatio-Temporal Machine Learning Models for Emulation of Global Atmospheric Composition},
  author={Erfani, Mohammad and Lamb, Kara and Bauer, Susanne and Tsigaridis, Kostas and van Lier-Walqui, Marcus and Schmidt, Gavin},
  booktitle={NeurIPS 2024 Workshop on Tackling Climate Change with Machine Learning},
  url={https://www.climatechange.ai/papers/neurips2024/66},
  year={2024}
}

@article{dueben2018challenges,
  title={Challenges and design choices for global weather and climate models based on machine learning},
  author={Dueben, Peter D and Bauer, Peter},
  journal={Geoscientific Model Development},
  volume={11},
  number={10},
  pages={3999--4009},
  year={2018},
  publisher={Copernicus GmbH}
}

@article{scher2018toward,
  title={Toward data-driven weather and climate forecasting: Approximating a simple general circulation model with deep learning},
  author={Scher, Sebastian},
  journal={Geophysical Research Letters},
  volume={45},
  number={22},
  pages={12--616},
  year={2018},
  publisher={Wiley Online Library}
}

@article{scher2018predicting,
  title={Predicting weather forecast uncertainty with machine learning},
  author={Scher, Sebastian and Messori, Gabriele},
  journal={Quarterly Journal of the Royal Meteorological Society},
  volume={144},
  number={717},
  pages={2830--2841},
  year={2018},
  publisher={Wiley Online Library}
}

@article{scher2019weather,
  title={Weather and climate forecasting with neural networks: using general circulation models (GCMs) with different complexity as a study ground},
  author={Scher, Sebastian and Messori, Gabriele},
  journal={Geoscientific Model Development},
  volume={12},
  number={7},
  pages={2797--2809},
  year={2019},
  publisher={Copernicus Publications G{\"o}ttingen, Germany}
}

@article{weyn2019can,
  title={Can machines learn to predict weather? Using deep learning to predict gridded 500-hPa geopotential height from historical weather data},
  author={Weyn, Jonathan A and Durran, Dale R and Caruana, Rich},
  journal={Journal of Advances in Modeling Earth Systems},
  volume={11},
  number={8},
  pages={2680--2693},
  year={2019},
  publisher={Wiley Online Library}
}

@article{weyn2020improving,
  title={Improving data-driven global weather prediction using deep convolutional neural networks on a cubed sphere},
  author={Weyn, Jonathan A and Durran, Dale R and Caruana, Rich},
  journal={Journal of Advances in Modeling Earth Systems},
  volume={12},
  number={9},
  pages={e2020MS002109},
  year={2020},
  publisher={Wiley Online Library}
}

@article{weyn2021sub,
  title={Sub-seasonal forecasting with a large ensemble of deep-learning weather prediction models},
  author={Weyn, Jonathan A and Durran, Dale R and Caruana, Rich and Cresswell-Clay, Nathaniel},
  journal={Journal of Advances in Modeling Earth Systems},
  volume={13},
  number={7},
  pages={e2021MS002502},
  year={2021},
  publisher={Wiley Online Library}
}

@InProceedings{pmlr-v202-bonev23a,
  title = 	 {Spherical {F}ourier Neural Operators: Learning Stable Dynamics on the Sphere},
  author =       {Bonev, Boris and Kurth, Thorsten and Hundt, Christian and Pathak, Jaideep and Baust, Maximilian and Kashinath, Karthik and Anandkumar, Anima},
  booktitle = 	 {Proceedings of the 40th International Conference on Machine Learning},
  pages = 	 {2806--2823},
  year = 	 {2023},
  editor = 	 {Krause, Andreas and Brunskill, Emma and Cho, Kyunghyun and Engelhardt, Barbara and Sabato, Sivan and Scarlett, Jonathan},
  volume = 	 {202},
  series = 	 {Proceedings of Machine Learning Research},
  month = 	 {23--29 Jul},
  publisher =    {PMLR},
}

@article{keisler2022forecasting,
  title={Forecasting global weather with graph neural networks},
  author={Keisler, Ryan},
  journal={arXiv preprint arXiv:2202.07575},
  year={2022}
}

@article{lam2023learning,
  title={Learning skillful medium-range global weather forecasting},
  author={Lam, Remi and Sanchez-Gonzalez, Alvaro and Willson, Matthew and Wirnsberger, Peter and Fortunato, Meire and Alet, Ferran and Ravuri, Suman and Ewalds, Timo and Eaton-Rosen, Zach and Hu, Weihua and others},
  journal={Science},
  volume={382},
  number={6677},
  pages={1416--1421},
  year={2023},
  publisher={American Association for the Advancement of Science}
}

@article{li2020fourier,
  title={Fourier neural operator for parametric partial differential equations},
  author={Li, Zongyi and Kovachki, Nikola and Azizzadenesheli, Kamyar and Liu, Burigede and Bhattacharya, Kaushik and Stuart, Andrew and Anandkumar, Anima},
  journal={arXiv preprint arXiv:2010.08895},
  year={2020}
}

@article{pathak2022fourcastnet,
  title={Fourcastnet: A global data-driven high-resolution weather model using adaptive fourier neural operators},
  author={Pathak, Jaideep and Subramanian, Shashank and Harrington, Peter and Raja, Sanjeev and Chattopadhyay, Ashesh and Mardani, Morteza and Kurth, Thorsten and Hall, David and Li, Zongyi and Azizzadenesheli, Kamyar and others},
  journal={arXiv preprint arXiv:2202.11214},
  year={2022}
}

@article{benson2025atmospheric,
  title={Atmospheric transport modeling of CO2 with neural networks},
  author={Benson, Vitus and Bastos, Ana and Reimers, Christian and Winkler, Alexander J and Yang, Fanny and Reichstein, Markus},
  journal={Journal of Advances in Modeling Earth Systems},
  volume={17},
  number={2},
  pages={e2024MS004655},
  year={2025},
  publisher={Wiley Online Library}
}

@article{peters2018deep,
  title={Deep contextualized word representations. arXiv 2018},
  author={Peters, Matthew E and Neumann, Mark and Iyyer, Mohit and Gardner, Matt and Clark, Christopher and Lee, Kenton and Zettlemoyer, Luke},
  journal={arXiv preprint arXiv:1802.05365},
  volume={12},
  year={2018}
}

@article{vaswani2017attention,
  title={Attention is all you need},
  author={Vaswani, Ashish and Shazeer, Noam and Parmar, Niki and Uszkoreit, Jakob and Jones, Llion and Gomez, Aidan N and Kaiser, {\L}ukasz and Polosukhin, Illia},
  journal={Advances in neural information processing systems},
  volume={30},
  year={2017}
}

@article{elman1990finding,
  title={Finding structure in time},
  author={Elman, Jeffrey L},
  journal={Cognitive science},
  volume={14},
  number={2},
  pages={179--211},
  year={1990},
  publisher={Wiley Online Library}
}

@article{graves2012long,
  title={Long short-term memory},
  author={Graves, Alex},
  journal={Supervised sequence labelling with recurrent neural networks},
  pages={37--45},
  year={2012},
  publisher={Springer}
}

@article{bai2018empirical,
  title={An empirical evaluation of generic convolutional and recurrent networks for sequence modeling},
  author={Bai, Shaojie and Kolter, J Zico and Koltun, Vladlen},
  journal={arXiv preprint arXiv:1803.01271},
  year={2018}
}


@inproceedings{tan2023temporal,
  title={Temporal attention unit: Towards efficient spatiotemporal predictive learning},
  author={Tan, Cheng and Gao, Zhangyang and Wu, Lirong and Xu, Yongjie and Xia, Jun and Li, Siyuan and Li, Stan Z},
  booktitle={Proceedings of the IEEE/CVF conference on computer vision and pattern recognition},
  pages={18770--18782},
  year={2023}
}

@inproceedings{wang2018recovering,
  title={Recovering realistic texture in image super-resolution by deep spatial feature transform},
  author={Wang, Xintao and Yu, Ke and Dong, Chao and Loy, Chen Change},
  booktitle={Proceedings of the IEEE conference on computer vision and pattern recognition},
  pages={606--615},
  year={2018}
}

@article{shi2015convolutional,
  title={Convolutional LSTM network: A machine learning approach for precipitation nowcasting},
  author={Shi, Xingjian and Chen, Zhourong and Wang, Hao and Yeung, Dit-Yan and Wong, Wai-Kin and Woo, Wang-chun},
  journal={Advances in neural information processing systems},
  volume={28},
  year={2015}
}

@article{tan2023openstl,
  title={Openstl: A comprehensive benchmark of spatio-temporal predictive learning},
  author={Tan, Cheng and Li, Siyuan and Gao, Zhangyang and Guan, Wenfei and Wang, Zedong and Liu, Zicheng and Wu, Lirong and Li, Stan Z},
  journal={Advances in Neural Information Processing Systems},
  volume={36},
  pages={69819--69831},
  year={2023}
}

@article{sannigrahi2022examining,
  title={Examining the status of forest fire emission in 2020 and its connection to COVID-19 incidents in West Coast regions of the United States},
  author={Sannigrahi, Srikanta and Pilla, Francesco and Maiti, Arabinda and Bar, Somnath and Bhatt, Sandeep and Zhang, Qi and Keesstra, Saskia and Cerda, Artemi and others},
  journal={Environmental Research},
  volume={210},
  pages={112818},
  year={2022},
  publisher={Elsevier}
}